@ONLINE{wiki:euler,
author = {Wikipedia, Explizites Euler-Verfahren},
title = {Explizites Euler-Verfahren {@ONLINE}},
url = {https://de.wikipedia.org/wiki/Explizites_Euler-Verfahren}
}

@ONLINE{wiki:runge,
author = {Wikipedia, Runge-Kutta-Verfahren},
title = {Runge-Kutta-Verfahren {@ONLINE}},
url = {https://de.wikipedia.org/wiki/Runge-Kutta-Verfahren}
}